@article{soumagne2021,
  author  = "Jerome Soumagne and Jordan Henderson and Mohamad Chaarawi and Neil Fortner and Scot Breitenfeld and Songyu Lu and Dana Robinson and Elena Pourmal and Johann Lombardi",
  title   = "Accelerating HDF5 I/O for Exascale Using DAOS",
  journal = "IEEE Transactions on Parallel and Distributed Systems",
  year    = 2022,
  volume  = "33",
  number  = "4",
  pages   = "903--914"
}

@book{bach1986design,
  title={The Design of the UNIX Operating System},
  author={Bach, M.J.},
  isbn={9780132017992},
  lccn={86186519},
  series={Prentice-Hall international editions},
  url={https://books.google.com/books?id=BmNKnwEACAAJ},
  year={1986},
  publisher={Prentice-Hall}
}

@book{hanson2021,
  title={Software design for flexibility: how to avoid programming yourself into a corner},
  author={Hanson, Chris and Sussman, Gerald Jay},
  year={2021},
  publisher={MIT Press}
}

@book{maier2009,
  title={The art of systems architecting},
  author={Maier, Mark W},
  year={2009},
  publisher={CRC press}
}

@inproceedings{kuehn1996,
  title={Faster Libraries for Creating Network-Portable Self-Describing Datasets},
  author={Kuehn, Jeffery A},
  booktitle={Proceedings of the 37th Cray User Group Meeting, Cray User Group, Inc., Barcelona, Spain, March},
  year={1996}
}

@INPROCEEDINGS{thakur1998,
  author={Thakur, R. and Gropp, W. and Lusk, E.},
  booktitle={SC '98: Proceedings of the 1998 ACM/IEEE Conference on Supercomputing}, 
  title={A Case for Using MPI's Derived Datatypes to Improve I/O Performance}, 
  year={1998},
  doi={10.1109/SC.1998.10006}}

@INPROCEEDINGS{thakur1999,
  author={Thakur, R. and Gropp, W. and Lusk, E.},
  booktitle={Proceedings. Frontiers '99. Seventh Symposium on the Frontiers of Massively Parallel Computation}, 
  title={Data sieving and collective I/O in ROMIO}, 
  year={1999},
  volume={},
  number={},
  pages={182-189},
  doi={10.1109/FMPC.1999.750599}}

@inproceedings{tang2020,
  title={Enabling Transparent Asynchronous I/O using Background Threads},
  author={Houjun Tang and Quincey Koziol and Suren Byna and John Mainzer and Tonglin Li},
  booktitle={Proceedings of 2019 IEEE/ACM Fourth International Parallel Data Systems Workshop (PDSW)},
  year={2019}
}

@online{autotools2023,
    author = "Free Software Foundation",
    title = "GNU Autotools",
    url  = "https://en.wikipedia.org/wiki/GNU_Autotools",
    addendum = "(accessed: 05.07.2023)",
    keywords = "tools,fsf,gnu,foss"
}

@online{cmake2023,
    author = "Kitware, Inc.",
    title = "CMake",
    url  = "https://cmake.org/",
    addendum = "(accessed: 05.07.2023)",
    keywords = "tools,foss"
}

@online{ffmt,
    author = "The HDF Group",
    title = "HDF5 File Format Specification Version 3.0",
    url  = "https://docs.hdfgroup.org/hdf5/develop/_f_m_t3.html",
    addendum = "(accessed: 04.04.2023)",
    keywords = "format,hdf5"
}

@online{fsf2023,
    author = "Free Software Foundation",
    title = "What is Free Software?",
    url  = "https://www.gnu.org/philosophy/free-sw.en.html",
    addendum = "(accessed: 08.03.2023)",
    keywords = "fsf,gnu,foss"
}

@online{gcc2023,
    author = "Free Software Foundation",
    title = "GCC, the GNU Compiler Collection",
    url  = "https://gcc.gnu.org/",
    addendum = "(accessed: 08.03.2023)",
    keywords = "compiler,fsf,gnu,foss"
}

@online{hdf5-tourist,
    author = "The HDF Group",
    title = "GitHub repository of examples",
    url  = "https://github.com/HDFGroup/arch-doc",
    addendum = "(accessed: 01.09.2023)",
    keywords = "hdf5"
}

@online{tldp2023,
    author = "The Linux Documentation Project",
    title = "10.1  An Overview of TCP/IP Networking",
    url  = "https://tldp.org/LDP/tlk/net/net.html",
    addendum = "(accessed: 05.07.2023)",
    keywords = "linux,foss"
}

@online{libhdf5-dev-101,
    author = "The HDF Group",
    title = "Getting Started with HDF5 Development",
    url  = "https://github.com/HDFGroup/hdf5/blob/develop/doc/getting-started-with-hdf5-development.md",
    addendum = "(accessed: 03.08.2023)",
    keywords = "hdf5,development"
}

@online{libhdf52023,
    author = "The HDF Group",
    title = "HDF5 library and file format",
    url  = "https://github.com/HDFGroup/hdf5",
    addendum = "(accessed: 08.03.2023)",
    keywords = "hdf5,data management,foss"
}

@online{libhdf5-rm2023,
    author = "The HDF Group",
    title = "HDF5 Library Reference Manual",
    url  = "https://hdfgroup.github.io/hdf5/_r_m.html",
    addendum = "(accessed: 06.07.2023)",
    keywords = "hdf5,api,foss"
}

@online{libhdf5-ug2023,
    author = "The HDF Group",
    title = "HDF5 Library User Guide",
    url  = "https://hdfgroup.github.io/hdf5/_u_g.html",
    addendum = "(accessed: 06.07.2023)",
    keywords = "hdf5,guide,foss"
}

@online{libhdf5-ts,
    author = "Chee Wai Lee",
    title = "HDF5 Thread Safe library",
    url  = "https://docs.hdfgroup.org/archive/support/HDF5/doc/TechNotes/ThreadSafeLibrary.html",
    addendum = "(accessed: 06.07.2023)",
    keywords = "hdf5,multithreading"
}

@online{kcachegrind2023,
    author = "Josef Weidendorfer",
    title = "KCachegrind",
    url  = "https://kcachegrind.github.io/html/Home.html",
    addendum = "(accessed: 21.06.2023)",
    keywords = "instrumentation,profiling,tool"
}

@misc{openai2023chatgpt,
  author = {OpenAI},
  title = {ChatGPT},
  year = {2023},
  note = {Accessed: 21.06.2023},
  url = {https://chat.openai.com/?model=gpt-4}
}

@online{rfc20120523,
    author = {Choi, Vailin and Koziol, Quincey and Mainzer, John},
    title = "RFC: HDF5 File Space Management: Paged Aggregation",
    url  = "https://docs.hdfgroup.org/hdf5/rfc/paged_aggregation.pdf",
    addendum = "(accessed: 14.03.2023)",
    keywords = "hdf5,rfc"
}

@online{rfc20150429,
    author = {Soumagne, Jerome and Koziol, Quincey and Pourmal Elena},
    title = "RFC: New Datatypes",
    url  = "https://docs.hdfgroup.org/hdf5/rfc/new_datatypes.pdf",
    addendum = "(accessed: 14.03.2023)",
    keywords = "hdf5,rfc"
}

@online{rfc20150709,
    author = { Chaarawi, Mohamad},
    title = "RFC: Page Buffering",
    url  = "https://docs.hdfgroup.org/hdf5/rfc/RFC-Page_Buffering.pdf",
    addendum = "(accessed: 14.03.2023)",
    keywords = "hdf5,rfc"
}

@online{valgrind2023,
    author = "The Valgrind Developers",
    title = "Valgrind Home",
    url  = "https://valgrind.org/",
    addendum = "(accessed: 21.06.2023)",
    keywords = "instrumentation,tool"
}

@online{uthash,
    author = "The UTHASH Developers",
    title = "UTHASH Github",
    url  = "https://github.com/troydhanson/uthash",
   addendum = {Accessed: 15.12.2023},
   keywords = "hash table"
}

@online{Woods2018,
    title = "The theory of graceful extensibility: Basic rules that govern adaptive systems - environment systems and decisions",
    url = "https://link.springer.com/article/10.1007/s10669-018-9708-3",
    journal = "SpringerLink",
    publisher = "Springer US",
    author = "Woods, David D.",
    year = "2018",
    month = "9"
}